@inproceedings{bepler2019spatialvae,
  title={{Explicitly disentangling image content from translation and rotation with spatial-VAE}},
  author={Bepler, Tristan and Zhong, Ellen and Kelley, Kotaro and Brignole, Edward and Berger, Bonnie},
  booktitle={Advances in Neural Information Processing Systems},
  pages={15409--15419},
  year={2019}
}

@article{bepler2019learning,
  title={Learning protein sequence embeddings using information from structure},
  author={Bepler, Tristan and Berger, Bonnie},
  journal={arXiv preprint arXiv:1902.08661},
  year={2019}
}

@inproceedings{kingma2014stochastic,
  title={{Stochastic gradient VB and the variational auto-encoder}},
  author={Kingma, Diederik P and Welling, Max},
  booktitle={Second International Conference on Learning Representations, ICLR},
  volume={19},
  year={2014}
}